{
  "leader": "02468cam  2200505   4500",
  "fields": [
    {
      "001": "ocm00368941\\"
    },
    {
      "003": "OCoLC"
    },
    {
      "005": "20211115163203.0"
    },
    {
      "008": "710119s1962\\\\\\\\ne\\ac\\\\\\\\\\\\\\\\\\001\\0deng\\\\"
    },
    {
      "010": {
        "ind1": "\\",
        "ind2": "\\",
        "subfields": [
          {
            "a": "   62020556 "
          }
        ]
      }
    },
    {
      "016": {
        "ind1": "7",
        "ind2": "\\",
        "subfields": [
          {
            "a": "0116065"
          },
          {
            "2": "DNLM"
          }
        ]
      }
    },
    {
      "016": {
        "ind1": "\\",
        "ind2": "\\",
        "subfields": [
          {
            "a": "(AMICUS)000001416974"
          }
        ]
      }
    },
    {
      "019": {
        "ind1": "\\",
        "ind2": "\\",
        "subfields": [
          {
            "a": "14556725"
          },
          {
            "a": "941891746"
          },
          {
            "a": "978198532"
          },
          {
            "a": "1006490793"
          },
          {
            "a": "1027352922"
          },
          {
            "a": "1119408106"
          },
          {
            "a": "1171550487"
          },
          {
            "a": "1180929805"
          }
        ]
      }
    },
    {
      "035": {
        "ind1": "\\",
        "ind2": "\\",
        "subfields": [
          {
            "a": "(OCoLC)368941"
          },
          {
            "z": "(OCoLC)14556725"
          },
          {
            "z": "(OCoLC)941891746"
          },
          {
            "z": "(OCoLC)978198532"
          },
          {
            "z": "(OCoLC)1006490793"
          },
          {
            "z": "(OCoLC)1027352922"
          },
          {
            "z": "(OCoLC)1119408106"
          },
          {
            "z": "(OCoLC)1171550487"
          },
          {
            "z": "(OCoLC)1180929805"
          }
        ]
      }
    },
    {
      "040": {
        "ind1": "\\",
        "ind2": "\\",
        "subfields": [
          {
            "a": "DLC"
          },
          {
            "b": "eng"
          },
          {
            "c": "DLC"
          },
          {
            "d": "NLM"
          },
          {
            "d": "BTCTA"
          },
          {
            "d": "LVB"
          },
          {
            "d": "OCLCG"
          },
          {
            "d": "STF"
          },
          {
            "d": "OKC"
          },
          {
            "d": "GEBAY"
          },
          {
            "d": "EUM"
          },
          {
            "d": "OCLCO"
          },
          {
            "d": "OCLCF"
          },
          {
            "d": "OCLCQ"
          },
          {
            "d": "DEBBG"
          },
          {
            "d": "EUW"
          },
          {
            "d": "OCLCQ"
          },
          {
            "d": "NLC"
          },
          {
            "d": "LENOT"
          },
          {
            "d": "CSA"
          },
          {
            "d": "OCLCO"
          },
          {
            "d": "IOD"
          },
          {
            "d": "CS1"
          },
          {
            "d": "OCLCA"
          },
          {
            "d": "YMJ"
          },
          {
            "d": "NJR"
          },
          {
            "d": "VTM"
          },
          {
            "d": "BUF"
          },
          {
            "d": "OKX"
          },
          {
            "d": "OCLCQ"
          },
          {
            "d": "CPO"
          },
          {
            "d": "OCLCO"
          },
          {
            "d": "UKUOY"
          },
          {
            "d": "OCLCQ"
          },
          {
            "d": "OCLCA"
          },
          {
            "d": "KIJ"
          },
          {
            "d": "OCLCA"
          },
          {
            "d": "OCL"
          },
          {
            "d": "OCLCO"
          }
        ]
      }
    },
    {
      "050": {
        "ind1": "0",
        "ind2": "0",
        "subfields": [
          {
            "a": "AS911"
          },
          {
            "b": ".N7553 1962"
          }
        ]
      }
    },
    {
      "050": {
        "ind1": "1",
        "ind2": "4",
        "subfields": [
          {
            "a": "TP268.5.N7"
          },
          {
            "b": "N763 1962"
          }
        ]
      }
    },
    {
      "055": {
        "ind1": "\\",
        "ind2": "0",
        "subfields": [
          {
            "a": "AS911"
          },
          {
            "b": ".N7553 1962"
          }
        ]
      }
    },
    {
      "060": {
        "ind1": "0",
        "ind2": "0",
        "subfields": [
          {
            "a": "AS 911"
          },
          {
            "b": "N744n 1962"
          }
        ]
      }
    },
    {
      "066": {
        "ind1": "\\",
        "ind2": "\\",
        "subfields": [
          {
            "c": "(3"
          }
        ]
      }
    },
    {
      "082": {
        "ind1": "0",
        "ind2": "4",
        "subfields": [
          {
            "a": "660.092"
          },
          {
            "b": "NOB"
          }
        ]
      }
    },
    {
      "100": {
        "ind1": "1",
        "ind2": "\\",
        "subfields": [
          {
            "a": "Sch\ufffduck, Henrik,"
          },
          {
            "d": "1855-1947."
          }
        ]
      }
    },
    {
      "240": {
        "ind1": "1",
        "ind2": "0",
        "subfields": [
          {
            "a": "Nobelprisen 50 \ufffdar."
          },
          {
            "l": "English"
          }
        ]
      }
    },
    {
      "245": {
        "ind1": "1",
        "ind2": "0",
        "subfields": [
          {
            "a": "Nobel, the man and his prizes,"
          },
          {
            "c": "by H. Sch\ufffduck [and 8 others]."
          }
        ]
      }
    },
    {
      "250": {
        "ind1": "\\",
        "ind2": "\\",
        "subfields": [
          {
            "a": "2d rev. and enl. ed.]."
          }
        ]
      }
    },
    {
      "260": {
        "ind1": "\\",
        "ind2": "\\",
        "subfields": [
          {
            "a": "Amsterdam,"
          },
          {
            "a": "New York,"
          },
          {
            "b": "Elsevier Pub. Co.; [sole distributor for the U.S.: American Elsevier Pub. Co., New York]"
          },
          {
            "c": "1962."
          }
        ]
      }
    },
    {
      "300": {
        "ind1": "\\",
        "ind2": "\\",
        "subfields": [
          {
            "a": "x, 690 pages"
          },
          {
            "b": "portrait, tables"
          },
          {
            "c": "25 cm"
          }
        ]
      }
    },
    {
      "336": {
        "ind1": "\\",
        "ind2": "\\",
        "subfields": [
          {
            "a": "text"
          },
          {
            "b": "txt"
          },
          {
            "2": "rdacontent"
          }
        ]
      }
    },
    {
      "337": {
        "ind1": "\\",
        "ind2": "\\",
        "subfields": [
          {
            "a": "unmediated"
          },
          {
            "b": "n"
          },
          {
            "2": "rdamedia"
          }
        ]
      }
    },
    {
      "338": {
        "ind1": "\\",
        "ind2": "\\",
        "subfields": [
          {
            "a": "volume"
          },
          {
            "b": "nc"
          },
          {
            "2": "rdacarrier"
          }
        ]
      }
    },
    {
      "500": {
        "ind1": "\\",
        "ind2": "\\",
        "subfields": [
          {
            "a": "Swedish ed. has title: Nobelprisen 50 \ufffdar; forskare, diktare, fredsk\ufffdampar."
          }
        ]
      }
    },
    {
      "600": {
        "ind1": "1",
        "ind2": "0",
        "subfields": [
          {
            "a": "Nobel, Alfred Bernhard,"
          },
          {
            "d": "1833-1896."
          }
        ]
      }
    },
    {
      "650": {
        "ind1": "\\",
        "ind2": "0",
        "subfields": [
          {
            "a": "Nobel Prizes."
          }
        ]
      }
    },
    {
      "650": {
        "ind1": "\\",
        "ind2": "7",
        "subfields": [
          {
            "a": "Nobel Prizes."
          },
          {
            "2": "fast"
          },
          {
            "0": "(OCoLC)fst01038249"
          }
        ]
      }
    },
    {
      "600": {
        "ind1": "1",
        "ind2": "2",
        "subfields": [
          {
            "a": "Nobel, Alfred Bernhard,"
          },
          {
            "d": "1833-1896."
          }
        ]
      }
    },
    {
      "650": {
        "ind1": "\\",
        "ind2": "2",
        "subfields": [
          {
            "a": "Nobel Prize"
          }
        ]
      }
    },
    {
      "650": {
        "ind1": "\\",
        "ind2": "2",
        "subfields": [
          {
            "a": "Science"
          },
          {
            "x": "history"
          }
        ]
      }
    },
    {
      "655": {
        "ind1": "\\",
        "ind2": "7",
        "subfields": [
          {
            "a": "Biographies."
          },
          {
            "2": "fast"
          },
          {
            "0": "(OCoLC)fst01919896"
          }
        ]
      }
    },
    {
      "710": {
        "ind1": "2",
        "ind2": "\\",
        "subfields": [
          {
            "a": "Nobelstiftelsen."
          }
        ]
      }
    },
    {
      "776": {
        "ind1": "0",
        "ind2": "8",
        "subfields": [
          {
            "i": "Online version:"
          },
          {
            "a": "Nobelstiftelsen."
          },
          {
            "s": "Nobelprisen 50 \ufffdar. English."
          },
          {
            "t": "Nobel, the man and his prizes."
          },
          {
            "b": "2d rev. and enl. ed.]."
          },
          {
            "d": "Amsterdam, New York, Elsevier Pub. Co.; [sole distributor for the U.S.: American Elsevier Pub. Co., New York] 1962"
          },
          {
            "w": "(OCoLC)610487330"
          }
        ]
      }
    },
    {
      "856": {
        "ind1": "4",
        "ind2": "2",
        "subfields": [
          {
            "3": "French equivalent / \ufffdEquivalent fran\ufffdcais"
          },
          {
            "u": "https://bac-lac.on.worldcat.org/oclc/421617501"
          }
        ]
      }
    },
    {
      "880": {
        "ind1": "1",
        "ind2": "1",
        "subfields": [
          {
            "6": "240-00/(3/r"
          },
          {
            "a": "[Nobelprisen 50 (3g(Br. English]"
          }
        ]
      }
    },
    {
      "948": {
        "ind1": "\\",
        "ind2": "\\",
        "subfields": [
          {
            "h": "NO HOLDINGS IN NYRVC - 740 OTHER HOLDINGS"
          }
        ]
      }
    },
    {
      "994": {
        "ind1": "\\",
        "ind2": "\\",
        "subfields": [
          {
            "a": "Z0"
          },
          {
            "b": "NYRVC"
          }
        ]
      }
    },
    {
      "999": {
        "ind1": "\\",
        "ind2": "\\",
        "subfields": [
          {
            "a": "00000000016755"
          }
        ]
      }
    }
  ]
}